%YAML 1.1
%TAG !u! tag:unity3d.com,2011:
--- !u!1 &4664598508544196069
GameObject:
  m_ObjectHideFlags: 0
  m_CorrespondingSourceObject: {fileID: 0}
  m_PrefabInstance: {fileID: 0}
  m_PrefabAsset: {fileID: 0}
  serializedVersion: 6
  m_Component:
  - component: {fileID: 5975394739313915496}
  - component: {fileID: 2518256061716368869}
  - component: {fileID: 622092380765311667}
  - component: {fileID: 6602124615805841640}
  m_Layer: 5
  m_Name: Icon
  m_TagString: Untagged
  m_Icon: {fileID: 0}
  m_NavMeshLayer: 0
  m_StaticEditorFlags: 0
  m_IsActive: 1
--- !u!224 &5975394739313915496
RectTransform:
  m_ObjectHideFlags: 0
  m_CorrespondingSourceObject: {fileID: 0}
  m_PrefabInstance: {fileID: 0}
  m_PrefabAsset: {fileID: 0}
  m_GameObject: {fileID: 4664598508544196069}
  m_LocalRotation: {x: -0, y: -0, z: -0, w: 1}
  m_LocalPosition: {x: 0, y: 0, z: 0}
  m_LocalScale: {x: 1, y: 1, z: 1}
  m_Children: []
  m_Father: {fileID: 5444321421521762251}
  m_RootOrder: 0
  m_LocalEulerAnglesHint: {x: 0, y: 0, z: 0}
  m_AnchorMin: {x: 0, y: 0}
  m_AnchorMax: {x: 0, y: 0}
  m_AnchoredPosition: {x: 0, y: 0}
  m_SizeDelta: {x: 0, y: 8}
  m_Pivot: {x: 0.5, y: 0.5}
--- !u!222 &2518256061716368869
CanvasRenderer:
  m_ObjectHideFlags: 0
  m_CorrespondingSourceObject: {fileID: 0}
  m_PrefabInstance: {fileID: 0}
  m_PrefabAsset: {fileID: 0}
  m_GameObject: {fileID: 4664598508544196069}
  m_CullTransparentMesh: 1
--- !u!114 &622092380765311667
MonoBehaviour:
  m_ObjectHideFlags: 0
  m_CorrespondingSourceObject: {fileID: 0}
  m_PrefabInstance: {fileID: 0}
  m_PrefabAsset: {fileID: 0}
  m_GameObject: {fileID: 4664598508544196069}
  m_Enabled: 1
  m_EditorHideFlags: 0
  m_Script: {fileID: 11500000, guid: fe87c0e1cc204ed48ad3b37840f39efc, type: 3}
  m_Name: 
  m_EditorClassIdentifier: 
  m_Material: {fileID: 0}
  m_Color: {r: 1, g: 1, b: 1, a: 1}
  m_RaycastTarget: 1
  m_RaycastPadding: {x: 0, y: 0, z: 0, w: 0}
  m_Maskable: 1
  m_OnCullStateChanged:
    m_PersistentCalls:
      m_Calls: []
  m_Sprite: {fileID: 21300000, guid: 3d0b6a442029f2f47bd32c147d49287b, type: 3}
  m_Type: 0
  m_PreserveAspect: 0
  m_FillCenter: 1
  m_FillMethod: 4
  m_FillAmount: 1
  m_FillClockwise: 1
  m_FillOrigin: 0
  m_UseSpriteMesh: 0
  m_PixelsPerUnitMultiplier: 1
--- !u!114 &6602124615805841640
MonoBehaviour:
  m_ObjectHideFlags: 0
  m_CorrespondingSourceObject: {fileID: 0}
  m_PrefabInstance: {fileID: 0}
  m_PrefabAsset: {fileID: 0}
  m_GameObject: {fileID: 4664598508544196069}
  m_Enabled: 1
  m_EditorHideFlags: 0
  m_Script: {fileID: 11500000, guid: 306cc8c2b49d7114eaa3623786fc2126, type: 3}
  m_Name: 
  m_EditorClassIdentifier: 
  m_IgnoreLayout: 0
  m_MinWidth: -1
  m_MinHeight: -1
  m_PreferredWidth: 8
  m_PreferredHeight: -1
  m_FlexibleWidth: -1
  m_FlexibleHeight: -1
  m_LayoutPriority: 1
--- !u!1 &6077867301118818031
GameObject:
  m_ObjectHideFlags: 0
  m_CorrespondingSourceObject: {fileID: 0}
  m_PrefabInstance: {fileID: 0}
  m_PrefabAsset: {fileID: 0}
  serializedVersion: 6
  m_Component:
  - component: {fileID: 8056112842825491324}
  - component: {fileID: 1000270681407238889}
  m_Layer: 5
  m_Name: EnergyArea
  m_TagString: Untagged
  m_Icon: {fileID: 0}
  m_NavMeshLayer: 0
  m_StaticEditorFlags: 0
  m_IsActive: 1
--- !u!224 &8056112842825491324
RectTransform:
  m_ObjectHideFlags: 0
  m_CorrespondingSourceObject: {fileID: 0}
  m_PrefabInstance: {fileID: 0}
  m_PrefabAsset: {fileID: 0}
  m_GameObject: {fileID: 6077867301118818031}
  m_LocalRotation: {x: 0, y: 0, z: 0, w: 1}
  m_LocalPosition: {x: 0, y: 0, z: 0}
  m_LocalScale: {x: 1, y: 1, z: 1}
  m_Children:
  - {fileID: 1622121725999653721}
  - {fileID: 4696391565960356723}
  - {fileID: 7790031619986607979}
  m_Father: {fileID: 559293110320607568}
  m_RootOrder: 0
  m_LocalEulerAnglesHint: {x: 0, y: 0, z: 0}
  m_AnchorMin: {x: 0, y: 0}
  m_AnchorMax: {x: 0, y: 0}
  m_AnchoredPosition: {x: 0, y: 0}
  m_SizeDelta: {x: 0, y: 0}
  m_Pivot: {x: 0.5, y: 0.5}
--- !u!114 &1000270681407238889
MonoBehaviour:
  m_ObjectHideFlags: 0
  m_CorrespondingSourceObject: {fileID: 0}
  m_PrefabInstance: {fileID: 0}
  m_PrefabAsset: {fileID: 0}
  m_GameObject: {fileID: 6077867301118818031}
  m_Enabled: 1
  m_EditorHideFlags: 0
  m_Script: {fileID: 11500000, guid: 30649d3a9faa99c48a7b1166b86bf2a0, type: 3}
  m_Name: 
  m_EditorClassIdentifier: 
  m_Padding:
    m_Left: 0
    m_Right: 0
    m_Top: 0
    m_Bottom: 0
  m_ChildAlignment: 3
  m_Spacing: 10
  m_ChildForceExpandWidth: 0
  m_ChildForceExpandHeight: 0
  m_ChildControlWidth: 1
  m_ChildControlHeight: 0
  m_ChildScaleWidth: 0
  m_ChildScaleHeight: 0
  m_ReverseArrangement: 0
--- !u!1 &6289721759702834605
GameObject:
  m_ObjectHideFlags: 0
  m_CorrespondingSourceObject: {fileID: 0}
  m_PrefabInstance: {fileID: 0}
  m_PrefabAsset: {fileID: 0}
  serializedVersion: 6
  m_Component:
  - component: {fileID: 5814723823322880940}
  - component: {fileID: 8061378224890490923}
  m_Layer: 5
  m_Name: CasulatiesArea
  m_TagString: Untagged
  m_Icon: {fileID: 0}
  m_NavMeshLayer: 0
  m_StaticEditorFlags: 0
  m_IsActive: 1
--- !u!224 &5814723823322880940
RectTransform:
  m_ObjectHideFlags: 0
  m_CorrespondingSourceObject: {fileID: 0}
  m_PrefabInstance: {fileID: 0}
  m_PrefabAsset: {fileID: 0}
  m_GameObject: {fileID: 6289721759702834605}
  m_LocalRotation: {x: 0, y: 0, z: 0, w: 1}
  m_LocalPosition: {x: 0, y: 0, z: 0}
  m_LocalScale: {x: 1, y: 1, z: 1}
  m_Children:
  - {fileID: 7011990452726832027}
  - {fileID: 8498450955047642070}
  - {fileID: 7866709680138803854}
  m_Father: {fileID: 559293110320607568}
  m_RootOrder: 2
  m_LocalEulerAnglesHint: {x: 0, y: 0, z: 0}
  m_AnchorMin: {x: 0, y: 0}
  m_AnchorMax: {x: 0, y: 0}
  m_AnchoredPosition: {x: 0, y: 0}
  m_SizeDelta: {x: 0, y: 0}
  m_Pivot: {x: 0.5, y: 0.5}
--- !u!114 &8061378224890490923
MonoBehaviour:
  m_ObjectHideFlags: 0
  m_CorrespondingSourceObject: {fileID: 0}
  m_PrefabInstance: {fileID: 0}
  m_PrefabAsset: {fileID: 0}
  m_GameObject: {fileID: 6289721759702834605}
  m_Enabled: 1
  m_EditorHideFlags: 0
  m_Script: {fileID: 11500000, guid: 30649d3a9faa99c48a7b1166b86bf2a0, type: 3}
  m_Name: 
  m_EditorClassIdentifier: 
  m_Padding:
    m_Left: 0
    m_Right: 0
    m_Top: 0
    m_Bottom: 0
  m_ChildAlignment: 3
  m_Spacing: 10
  m_ChildForceExpandWidth: 0
  m_ChildForceExpandHeight: 0
  m_ChildControlWidth: 1
  m_ChildControlHeight: 0
  m_ChildScaleWidth: 0
  m_ChildScaleHeight: 0
  m_ReverseArrangement: 0
--- !u!1 &6894925796974659831
GameObject:
  m_ObjectHideFlags: 0
  m_CorrespondingSourceObject: {fileID: 0}
  m_PrefabInstance: {fileID: 0}
  m_PrefabAsset: {fileID: 0}
  serializedVersion: 6
  m_Component:
  - component: {fileID: 7011990452726832027}
  - component: {fileID: 5019474455716721822}
  - component: {fileID: 5311776925902870550}
  - component: {fileID: 1850567724545707685}
  m_Layer: 5
  m_Name: Icon
  m_TagString: Untagged
  m_Icon: {fileID: 0}
  m_NavMeshLayer: 0
  m_StaticEditorFlags: 0
  m_IsActive: 1
--- !u!224 &7011990452726832027
RectTransform:
  m_ObjectHideFlags: 0
  m_CorrespondingSourceObject: {fileID: 0}
  m_PrefabInstance: {fileID: 0}
  m_PrefabAsset: {fileID: 0}
  m_GameObject: {fileID: 6894925796974659831}
  m_LocalRotation: {x: -0, y: -0, z: -0, w: 1}
  m_LocalPosition: {x: 0, y: 0, z: 0}
  m_LocalScale: {x: 1, y: 1, z: 1}
  m_Children: []
  m_Father: {fileID: 5814723823322880940}
  m_RootOrder: 0
  m_LocalEulerAnglesHint: {x: 0, y: 0, z: 0}
  m_AnchorMin: {x: 0, y: 0}
  m_AnchorMax: {x: 0, y: 0}
  m_AnchoredPosition: {x: 0, y: 0}
  m_SizeDelta: {x: 0, y: 8}
  m_Pivot: {x: 0.5, y: 0.5}
--- !u!222 &5019474455716721822
CanvasRenderer:
  m_ObjectHideFlags: 0
  m_CorrespondingSourceObject: {fileID: 0}
  m_PrefabInstance: {fileID: 0}
  m_PrefabAsset: {fileID: 0}
  m_GameObject: {fileID: 6894925796974659831}
  m_CullTransparentMesh: 1
--- !u!114 &5311776925902870550
MonoBehaviour:
  m_ObjectHideFlags: 0
  m_CorrespondingSourceObject: {fileID: 0}
  m_PrefabInstance: {fileID: 0}
  m_PrefabAsset: {fileID: 0}
  m_GameObject: {fileID: 6894925796974659831}
  m_Enabled: 1
  m_EditorHideFlags: 0
  m_Script: {fileID: 11500000, guid: fe87c0e1cc204ed48ad3b37840f39efc, type: 3}
  m_Name: 
  m_EditorClassIdentifier: 
  m_Material: {fileID: 0}
  m_Color: {r: 1, g: 1, b: 1, a: 1}
  m_RaycastTarget: 1
  m_RaycastPadding: {x: 0, y: 0, z: 0, w: 0}
  m_Maskable: 1
  m_OnCullStateChanged:
    m_PersistentCalls:
      m_Calls: []
  m_Sprite: {fileID: 21300000, guid: 24e15ea4f52adf74d9ede72cd8be1429, type: 3}
  m_Type: 0
  m_PreserveAspect: 0
  m_FillCenter: 1
  m_FillMethod: 4
  m_FillAmount: 1
  m_FillClockwise: 1
  m_FillOrigin: 0
  m_UseSpriteMesh: 0
  m_PixelsPerUnitMultiplier: 1
--- !u!114 &1850567724545707685
MonoBehaviour:
  m_ObjectHideFlags: 0
  m_CorrespondingSourceObject: {fileID: 0}
  m_PrefabInstance: {fileID: 0}
  m_PrefabAsset: {fileID: 0}
  m_GameObject: {fileID: 6894925796974659831}
  m_Enabled: 1
  m_EditorHideFlags: 0
  m_Script: {fileID: 11500000, guid: 306cc8c2b49d7114eaa3623786fc2126, type: 3}
  m_Name: 
  m_EditorClassIdentifier: 
  m_IgnoreLayout: 0
  m_MinWidth: -1
  m_MinHeight: -1
  m_PreferredWidth: 8
  m_PreferredHeight: -1
  m_FlexibleWidth: -1
  m_FlexibleHeight: -1
  m_LayoutPriority: 1
--- !u!1 &7005557327642628242
GameObject:
  m_ObjectHideFlags: 0
  m_CorrespondingSourceObject: {fileID: 0}
  m_PrefabInstance: {fileID: 0}
  m_PrefabAsset: {fileID: 0}
  serializedVersion: 6
  m_Component:
  - component: {fileID: 5444321421521762251}
  - component: {fileID: 8119122068003432071}
  m_Layer: 5
  m_Name: MinersArea
  m_TagString: Untagged
  m_Icon: {fileID: 0}
  m_NavMeshLayer: 0
  m_StaticEditorFlags: 0
  m_IsActive: 1
--- !u!224 &5444321421521762251
RectTransform:
  m_ObjectHideFlags: 0
  m_CorrespondingSourceObject: {fileID: 0}
  m_PrefabInstance: {fileID: 0}
  m_PrefabAsset: {fileID: 0}
  m_GameObject: {fileID: 7005557327642628242}
  m_LocalRotation: {x: 0, y: 0, z: 0, w: 1}
  m_LocalPosition: {x: 0, y: 0, z: 0}
  m_LocalScale: {x: 1, y: 1, z: 1}
  m_Children:
  - {fileID: 5975394739313915496}
  - {fileID: 1837338029565079989}
  - {fileID: 7552254612140449898}
  m_Father: {fileID: 559293110320607568}
  m_RootOrder: 1
  m_LocalEulerAnglesHint: {x: 0, y: 0, z: 0}
  m_AnchorMin: {x: 0, y: 0}
  m_AnchorMax: {x: 0, y: 0}
  m_AnchoredPosition: {x: 0, y: 0}
  m_SizeDelta: {x: 0, y: 0}
  m_Pivot: {x: 0.5, y: 0.5}
--- !u!114 &8119122068003432071
MonoBehaviour:
  m_ObjectHideFlags: 0
  m_CorrespondingSourceObject: {fileID: 0}
  m_PrefabInstance: {fileID: 0}
  m_PrefabAsset: {fileID: 0}
  m_GameObject: {fileID: 7005557327642628242}
  m_Enabled: 1
  m_EditorHideFlags: 0
  m_Script: {fileID: 11500000, guid: 30649d3a9faa99c48a7b1166b86bf2a0, type: 3}
  m_Name: 
  m_EditorClassIdentifier: 
  m_Padding:
    m_Left: 0
    m_Right: 0
    m_Top: 0
    m_Bottom: 0
  m_ChildAlignment: 3
  m_Spacing: 10
  m_ChildForceExpandWidth: 0
  m_ChildForceExpandHeight: 0
  m_ChildControlWidth: 1
  m_ChildControlHeight: 0
  m_ChildScaleWidth: 0
  m_ChildScaleHeight: 0
  m_ReverseArrangement: 0
--- !u!1 &7413686855304914485
GameObject:
  m_ObjectHideFlags: 0
  m_CorrespondingSourceObject: {fileID: 0}
  m_PrefabInstance: {fileID: 0}
  m_PrefabAsset: {fileID: 0}
  serializedVersion: 6
  m_Component:
  - component: {fileID: 559293110320607568}
  - component: {fileID: 5589744094820536397}
  - component: {fileID: 6275643311993033486}
  - component: {fileID: 8772512615448447731}
  m_Layer: 5
  m_Name: ResourceInfo
  m_TagString: Untagged
  m_Icon: {fileID: 0}
  m_NavMeshLayer: 0
  m_StaticEditorFlags: 0
  m_IsActive: 1
--- !u!224 &559293110320607568
RectTransform:
  m_ObjectHideFlags: 0
  m_CorrespondingSourceObject: {fileID: 0}
  m_PrefabInstance: {fileID: 0}
  m_PrefabAsset: {fileID: 0}
  m_GameObject: {fileID: 7413686855304914485}
  m_LocalRotation: {x: 0, y: 0, z: 0, w: 1}
  m_LocalPosition: {x: 0, y: 0, z: 0}
  m_LocalScale: {x: 1, y: 1, z: 1}
  m_Children:
  - {fileID: 8056112842825491324}
  - {fileID: 5444321421521762251}
  - {fileID: 5814723823322880940}
  m_Father: {fileID: 0}
  m_RootOrder: 0
  m_LocalEulerAnglesHint: {x: 0, y: 0, z: 0}
  m_AnchorMin: {x: 1, y: 1}
  m_AnchorMax: {x: 1, y: 1}
  m_AnchoredPosition: {x: -100, y: -100}
  m_SizeDelta: {x: 450, y: 0}
  m_Pivot: {x: 1, y: 1}
--- !u!114 &5589744094820536397
MonoBehaviour:
  m_ObjectHideFlags: 0
  m_CorrespondingSourceObject: {fileID: 0}
  m_PrefabInstance: {fileID: 0}
  m_PrefabAsset: {fileID: 0}
  m_GameObject: {fileID: 7413686855304914485}
  m_Enabled: 1
  m_EditorHideFlags: 0
  m_Script: {fileID: 11500000, guid: 59f8146938fff824cb5fd77236b75775, type: 3}
  m_Name: 
  m_EditorClassIdentifier: 
  m_Padding:
    m_Left: 0
    m_Right: 0
    m_Top: 0
    m_Bottom: 0
  m_ChildAlignment: 0
  m_Spacing: 4
  m_ChildForceExpandWidth: 1
  m_ChildForceExpandHeight: 0
  m_ChildControlWidth: 1
  m_ChildControlHeight: 1
  m_ChildScaleWidth: 0
  m_ChildScaleHeight: 0
  m_ReverseArrangement: 0
--- !u!114 &6275643311993033486
MonoBehaviour:
  m_ObjectHideFlags: 0
  m_CorrespondingSourceObject: {fileID: 0}
  m_PrefabInstance: {fileID: 0}
  m_PrefabAsset: {fileID: 0}
  m_GameObject: {fileID: 7413686855304914485}
  m_Enabled: 1
  m_EditorHideFlags: 0
  m_Script: {fileID: 11500000, guid: 3245ec927659c4140ac4f8d17403cc18, type: 3}
  m_Name: 
  m_EditorClassIdentifier: 
  m_HorizontalFit: 0
  m_VerticalFit: 2
--- !u!114 &8772512615448447731
MonoBehaviour:
  m_ObjectHideFlags: 0
  m_CorrespondingSourceObject: {fileID: 0}
  m_PrefabInstance: {fileID: 0}
  m_PrefabAsset: {fileID: 0}
  m_GameObject: {fileID: 7413686855304914485}
  m_Enabled: 1
  m_EditorHideFlags: 0
  m_Script: {fileID: 11500000, guid: 53daa3a9119d1284e80819380f1fa88e, type: 3}
  m_Name: 
  m_EditorClassIdentifier: 
  _energyText: {fileID: 8207100255106413268}
  _minersText: {fileID: 8444325995041889749}
  _casualtiesText: {fileID: 8129719193365030705}
--- !u!1 &8132200264023228017
GameObject:
  m_ObjectHideFlags: 0
  m_CorrespondingSourceObject: {fileID: 0}
  m_PrefabInstance: {fileID: 0}
  m_PrefabAsset: {fileID: 0}
  serializedVersion: 6
  m_Component:
  - component: {fileID: 1622121725999653721}
  - component: {fileID: 2873271038968322293}
  - component: {fileID: 7233952309224170354}
  - component: {fileID: 2228627197193929111}
  m_Layer: 5
  m_Name: Icon
  m_TagString: Untagged
  m_Icon: {fileID: 0}
  m_NavMeshLayer: 0
  m_StaticEditorFlags: 0
  m_IsActive: 1
--- !u!224 &1622121725999653721
RectTransform:
  m_ObjectHideFlags: 0
  m_CorrespondingSourceObject: {fileID: 0}
  m_PrefabInstance: {fileID: 0}
  m_PrefabAsset: {fileID: 0}
  m_GameObject: {fileID: 8132200264023228017}
  m_LocalRotation: {x: 0, y: 0, z: 0, w: 1}
  m_LocalPosition: {x: 0, y: 0, z: 0}
  m_LocalScale: {x: 1, y: 1, z: 1}
  m_Children: []
  m_Father: {fileID: 8056112842825491324}
  m_RootOrder: 0
  m_LocalEulerAnglesHint: {x: 0, y: 0, z: 0}
  m_AnchorMin: {x: 0, y: 0}
  m_AnchorMax: {x: 0, y: 0}
  m_AnchoredPosition: {x: 0, y: 0}
  m_SizeDelta: {x: 0, y: 8}
  m_Pivot: {x: 0.5, y: 0.5}
--- !u!222 &2873271038968322293
CanvasRenderer:
  m_ObjectHideFlags: 0
  m_CorrespondingSourceObject: {fileID: 0}
  m_PrefabInstance: {fileID: 0}
  m_PrefabAsset: {fileID: 0}
  m_GameObject: {fileID: 8132200264023228017}
  m_CullTransparentMesh: 1
--- !u!114 &7233952309224170354
MonoBehaviour:
  m_ObjectHideFlags: 0
  m_CorrespondingSourceObject: {fileID: 0}
  m_PrefabInstance: {fileID: 0}
  m_PrefabAsset: {fileID: 0}
  m_GameObject: {fileID: 8132200264023228017}
  m_Enabled: 1
  m_EditorHideFlags: 0
  m_Script: {fileID: 11500000, guid: fe87c0e1cc204ed48ad3b37840f39efc, type: 3}
  m_Name: 
  m_EditorClassIdentifier: 
  m_Material: {fileID: 0}
  m_Color: {r: 1, g: 1, b: 1, a: 1}
  m_RaycastTarget: 1
  m_RaycastPadding: {x: 0, y: 0, z: 0, w: 0}
  m_Maskable: 1
  m_OnCullStateChanged:
    m_PersistentCalls:
      m_Calls: []
  m_Sprite: {fileID: 21300000, guid: 50b4a87302b95c740ac5c15af9ef7d19, type: 3}
  m_Type: 0
  m_PreserveAspect: 0
  m_FillCenter: 1
  m_FillMethod: 4
  m_FillAmount: 1
  m_FillClockwise: 1
  m_FillOrigin: 0
  m_UseSpriteMesh: 0
  m_PixelsPerUnitMultiplier: 1
--- !u!114 &2228627197193929111
MonoBehaviour:
  m_ObjectHideFlags: 0
  m_CorrespondingSourceObject: {fileID: 0}
  m_PrefabInstance: {fileID: 0}
  m_PrefabAsset: {fileID: 0}
  m_GameObject: {fileID: 8132200264023228017}
  m_Enabled: 1
  m_EditorHideFlags: 0
  m_Script: {fileID: 11500000, guid: 306cc8c2b49d7114eaa3623786fc2126, type: 3}
  m_Name: 
  m_EditorClassIdentifier: 
  m_IgnoreLayout: 0
  m_MinWidth: -1
  m_MinHeight: -1
  m_PreferredWidth: 8
  m_PreferredHeight: -1
  m_FlexibleWidth: -1
  m_FlexibleHeight: -1
  m_LayoutPriority: 1
--- !u!114 &4917827347817312841
MonoBehaviour:
  m_ObjectHideFlags: 0
  m_CorrespondingSourceObject: {fileID: 0}
  m_PrefabInstance: {fileID: 0}
  m_PrefabAsset: {fileID: 0}
  m_GameObject: {fileID: 8226813531474167406}
  m_Enabled: 1
  m_EditorHideFlags: 0
  m_Script: {fileID: 11500000, guid: 306cc8c2b49d7114eaa3623786fc2126, type: 3}
  m_Name: 
  m_EditorClassIdentifier: 
  m_IgnoreLayout: 0
  m_MinWidth: -1
  m_MinHeight: -1
  m_PreferredWidth: -1
  m_PreferredHeight: -1
  m_FlexibleWidth: 1
  m_FlexibleHeight: -1
  m_LayoutPriority: 1
--- !u!114 &7127185780448797507
MonoBehaviour:
  m_ObjectHideFlags: 0
  m_CorrespondingSourceObject: {fileID: 0}
  m_PrefabInstance: {fileID: 0}
  m_PrefabAsset: {fileID: 0}
  m_GameObject: {fileID: 8574498151163373935}
  m_Enabled: 1
  m_EditorHideFlags: 0
  m_Script: {fileID: 11500000, guid: 306cc8c2b49d7114eaa3623786fc2126, type: 3}
  m_Name: 
  m_EditorClassIdentifier: 
  m_IgnoreLayout: 0
  m_MinWidth: -1
  m_MinHeight: -1
  m_PreferredWidth: -1
  m_PreferredHeight: -1
  m_FlexibleWidth: 1
  m_FlexibleHeight: -1
  m_LayoutPriority: 1
--- !u!114 &1602261535704923440
MonoBehaviour:
  m_ObjectHideFlags: 0
  m_CorrespondingSourceObject: {fileID: 0}
  m_PrefabInstance: {fileID: 0}
  m_PrefabAsset: {fileID: 0}
  m_GameObject: {fileID: 8631524830011079818}
  m_Enabled: 1
  m_EditorHideFlags: 0
  m_Script: {fileID: 11500000, guid: 306cc8c2b49d7114eaa3623786fc2126, type: 3}
  m_Name: 
  m_EditorClassIdentifier: 
  m_IgnoreLayout: 0
  m_MinWidth: -1
  m_MinHeight: -1
  m_PreferredWidth: -1
  m_PreferredHeight: -1
  m_FlexibleWidth: 1
  m_FlexibleHeight: -1
  m_LayoutPriority: 1
--- !u!1001 &1471329084038765495
PrefabInstance:
  m_ObjectHideFlags: 0
  serializedVersion: 2
  m_Modification:
    m_TransformParent: {fileID: 8056112842825491324}
    m_Modifications:
    - target: {fileID: 5240328975336572283, guid: a8f0c6935534f9e4b898180e56d00961, type: 3}
      propertyPath: m_text
      value: Power
      objectReference: {fileID: 0}
    - target: {fileID: 5240328975336572283, guid: a8f0c6935534f9e4b898180e56d00961, type: 3}
      propertyPath: m_fontSize
      value: 6
      objectReference: {fileID: 0}
    - target: {fileID: 5240328975336572283, guid: a8f0c6935534f9e4b898180e56d00961, type: 3}
      propertyPath: m_fontSizeBase
      value: 6
      objectReference: {fileID: 0}
    - target: {fileID: 5240328975336572283, guid: a8f0c6935534f9e4b898180e56d00961, type: 3}
      propertyPath: m_sharedMaterial
      value: 
      objectReference: {fileID: 2100000, guid: 71567a1edd8de5e43add7b5b2f6f74c2, type: 2}
    - target: {fileID: 5240328975336572283, guid: a8f0c6935534f9e4b898180e56d00961, type: 3}
      propertyPath: m_VerticalAlignment
      value: 512
      objectReference: {fileID: 0}
    - target: {fileID: 5738331261813595840, guid: a8f0c6935534f9e4b898180e56d00961, type: 3}
      propertyPath: m_Name
      value: EnergyText
      objectReference: {fileID: 0}
    - target: {fileID: 6145119079278704836, guid: a8f0c6935534f9e4b898180e56d00961, type: 3}
      propertyPath: m_Pivot.x
      value: 0.5
      objectReference: {fileID: 0}
    - target: {fileID: 6145119079278704836, guid: a8f0c6935534f9e4b898180e56d00961, type: 3}
      propertyPath: m_Pivot.y
      value: 0.5
      objectReference: {fileID: 0}
    - target: {fileID: 6145119079278704836, guid: a8f0c6935534f9e4b898180e56d00961, type: 3}
      propertyPath: m_RootOrder
      value: 1
      objectReference: {fileID: 0}
    - target: {fileID: 6145119079278704836, guid: a8f0c6935534f9e4b898180e56d00961, type: 3}
      propertyPath: m_AnchorMax.x
      value: 0
      objectReference: {fileID: 0}
    - target: {fileID: 6145119079278704836, guid: a8f0c6935534f9e4b898180e56d00961, type: 3}
      propertyPath: m_AnchorMax.y
      value: 0
      objectReference: {fileID: 0}
    - target: {fileID: 6145119079278704836, guid: a8f0c6935534f9e4b898180e56d00961, type: 3}
      propertyPath: m_AnchorMin.x
      value: 0
      objectReference: {fileID: 0}
    - target: {fileID: 6145119079278704836, guid: a8f0c6935534f9e4b898180e56d00961, type: 3}
      propertyPath: m_AnchorMin.y
      value: 0
      objectReference: {fileID: 0}
    - target: {fileID: 6145119079278704836, guid: a8f0c6935534f9e4b898180e56d00961, type: 3}
      propertyPath: m_SizeDelta.x
      value: 0
      objectReference: {fileID: 0}
    - target: {fileID: 6145119079278704836, guid: a8f0c6935534f9e4b898180e56d00961, type: 3}
      propertyPath: m_SizeDelta.y
      value: 8
      objectReference: {fileID: 0}
    - target: {fileID: 6145119079278704836, guid: a8f0c6935534f9e4b898180e56d00961, type: 3}
      propertyPath: m_LocalPosition.x
      value: 0
      objectReference: {fileID: 0}
    - target: {fileID: 6145119079278704836, guid: a8f0c6935534f9e4b898180e56d00961, type: 3}
      propertyPath: m_LocalPosition.y
      value: 0
      objectReference: {fileID: 0}
    - target: {fileID: 6145119079278704836, guid: a8f0c6935534f9e4b898180e56d00961, type: 3}
      propertyPath: m_LocalPosition.z
      value: 0
      objectReference: {fileID: 0}
    - target: {fileID: 6145119079278704836, guid: a8f0c6935534f9e4b898180e56d00961, type: 3}
      propertyPath: m_LocalRotation.w
      value: 1
      objectReference: {fileID: 0}
    - target: {fileID: 6145119079278704836, guid: a8f0c6935534f9e4b898180e56d00961, type: 3}
      propertyPath: m_LocalRotation.x
      value: -0
      objectReference: {fileID: 0}
    - target: {fileID: 6145119079278704836, guid: a8f0c6935534f9e4b898180e56d00961, type: 3}
      propertyPath: m_LocalRotation.y
      value: -0
      objectReference: {fileID: 0}
    - target: {fileID: 6145119079278704836, guid: a8f0c6935534f9e4b898180e56d00961, type: 3}
      propertyPath: m_LocalRotation.z
      value: -0
      objectReference: {fileID: 0}
    - target: {fileID: 6145119079278704836, guid: a8f0c6935534f9e4b898180e56d00961, type: 3}
      propertyPath: m_AnchoredPosition.x
      value: 0
      objectReference: {fileID: 0}
    - target: {fileID: 6145119079278704836, guid: a8f0c6935534f9e4b898180e56d00961, type: 3}
      propertyPath: m_AnchoredPosition.y
      value: 0
      objectReference: {fileID: 0}
    - target: {fileID: 6145119079278704836, guid: a8f0c6935534f9e4b898180e56d00961, type: 3}
      propertyPath: m_LocalEulerAnglesHint.x
      value: 0
      objectReference: {fileID: 0}
    - target: {fileID: 6145119079278704836, guid: a8f0c6935534f9e4b898180e56d00961, type: 3}
      propertyPath: m_LocalEulerAnglesHint.y
      value: 0
      objectReference: {fileID: 0}
    - target: {fileID: 6145119079278704836, guid: a8f0c6935534f9e4b898180e56d00961, type: 3}
      propertyPath: m_LocalEulerAnglesHint.z
      value: 0
      objectReference: {fileID: 0}
    m_RemovedComponents: []
  m_SourcePrefab: {fileID: 100100000, guid: a8f0c6935534f9e4b898180e56d00961, type: 3}
--- !u!224 &4696391565960356723 stripped
RectTransform:
  m_CorrespondingSourceObject: {fileID: 6145119079278704836, guid: a8f0c6935534f9e4b898180e56d00961, type: 3}
  m_PrefabInstance: {fileID: 1471329084038765495}
  m_PrefabAsset: {fileID: 0}
--- !u!1001 &2357433346273860370
PrefabInstance:
  m_ObjectHideFlags: 0
  serializedVersion: 2
  m_Modification:
    m_TransformParent: {fileID: 5814723823322880940}
    m_Modifications:
    - target: {fileID: 5240328975336572283, guid: a8f0c6935534f9e4b898180e56d00961, type: 3}
      propertyPath: m_text
      value: Casualties
      objectReference: {fileID: 0}
    - target: {fileID: 5240328975336572283, guid: a8f0c6935534f9e4b898180e56d00961, type: 3}
      propertyPath: m_fontSize
      value: 6
      objectReference: {fileID: 0}
    - target: {fileID: 5240328975336572283, guid: a8f0c6935534f9e4b898180e56d00961, type: 3}
      propertyPath: m_fontSizeBase
      value: 6
      objectReference: {fileID: 0}
    - target: {fileID: 5240328975336572283, guid: a8f0c6935534f9e4b898180e56d00961, type: 3}
      propertyPath: m_sharedMaterial
      value: 
      objectReference: {fileID: 2100000, guid: 71567a1edd8de5e43add7b5b2f6f74c2, type: 2}
    - target: {fileID: 5240328975336572283, guid: a8f0c6935534f9e4b898180e56d00961, type: 3}
      propertyPath: m_VerticalAlignment
      value: 512
      objectReference: {fileID: 0}
    - target: {fileID: 5738331261813595840, guid: a8f0c6935534f9e4b898180e56d00961, type: 3}
      propertyPath: m_Name
      value: CasualtiesText
      objectReference: {fileID: 0}
    - target: {fileID: 6145119079278704836, guid: a8f0c6935534f9e4b898180e56d00961, type: 3}
      propertyPath: m_Pivot.x
      value: 0.5
      objectReference: {fileID: 0}
    - target: {fileID: 6145119079278704836, guid: a8f0c6935534f9e4b898180e56d00961, type: 3}
      propertyPath: m_Pivot.y
      value: 0.5
      objectReference: {fileID: 0}
    - target: {fileID: 6145119079278704836, guid: a8f0c6935534f9e4b898180e56d00961, type: 3}
      propertyPath: m_RootOrder
      value: 1
      objectReference: {fileID: 0}
    - target: {fileID: 6145119079278704836, guid: a8f0c6935534f9e4b898180e56d00961, type: 3}
      propertyPath: m_AnchorMax.x
      value: 0
      objectReference: {fileID: 0}
    - target: {fileID: 6145119079278704836, guid: a8f0c6935534f9e4b898180e56d00961, type: 3}
      propertyPath: m_AnchorMax.y
      value: 0
      objectReference: {fileID: 0}
    - target: {fileID: 6145119079278704836, guid: a8f0c6935534f9e4b898180e56d00961, type: 3}
      propertyPath: m_AnchorMin.x
      value: 0
      objectReference: {fileID: 0}
    - target: {fileID: 6145119079278704836, guid: a8f0c6935534f9e4b898180e56d00961, type: 3}
      propertyPath: m_AnchorMin.y
      value: 0
      objectReference: {fileID: 0}
    - target: {fileID: 6145119079278704836, guid: a8f0c6935534f9e4b898180e56d00961, type: 3}
      propertyPath: m_SizeDelta.x
      value: 0
      objectReference: {fileID: 0}
    - target: {fileID: 6145119079278704836, guid: a8f0c6935534f9e4b898180e56d00961, type: 3}
      propertyPath: m_SizeDelta.y
      value: 8
      objectReference: {fileID: 0}
    - target: {fileID: 6145119079278704836, guid: a8f0c6935534f9e4b898180e56d00961, type: 3}
      propertyPath: m_LocalPosition.x
      value: 0
      objectReference: {fileID: 0}
    - target: {fileID: 6145119079278704836, guid: a8f0c6935534f9e4b898180e56d00961, type: 3}
      propertyPath: m_LocalPosition.y
      value: 0
      objectReference: {fileID: 0}
    - target: {fileID: 6145119079278704836, guid: a8f0c6935534f9e4b898180e56d00961, type: 3}
      propertyPath: m_LocalPosition.z
      value: 0
      objectReference: {fileID: 0}
    - target: {fileID: 6145119079278704836, guid: a8f0c6935534f9e4b898180e56d00961, type: 3}
      propertyPath: m_LocalRotation.w
      value: 1
      objectReference: {fileID: 0}
    - target: {fileID: 6145119079278704836, guid: a8f0c6935534f9e4b898180e56d00961, type: 3}
      propertyPath: m_LocalRotation.x
      value: -0
      objectReference: {fileID: 0}
    - target: {fileID: 6145119079278704836, guid: a8f0c6935534f9e4b898180e56d00961, type: 3}
      propertyPath: m_LocalRotation.y
      value: -0
      objectReference: {fileID: 0}
    - target: {fileID: 6145119079278704836, guid: a8f0c6935534f9e4b898180e56d00961, type: 3}
      propertyPath: m_LocalRotation.z
      value: -0
      objectReference: {fileID: 0}
    - target: {fileID: 6145119079278704836, guid: a8f0c6935534f9e4b898180e56d00961, type: 3}
      propertyPath: m_AnchoredPosition.x
      value: 0
      objectReference: {fileID: 0}
    - target: {fileID: 6145119079278704836, guid: a8f0c6935534f9e4b898180e56d00961, type: 3}
      propertyPath: m_AnchoredPosition.y
      value: 0
      objectReference: {fileID: 0}
    - target: {fileID: 6145119079278704836, guid: a8f0c6935534f9e4b898180e56d00961, type: 3}
      propertyPath: m_LocalEulerAnglesHint.x
      value: 0
      objectReference: {fileID: 0}
    - target: {fileID: 6145119079278704836, guid: a8f0c6935534f9e4b898180e56d00961, type: 3}
      propertyPath: m_LocalEulerAnglesHint.y
      value: 0
      objectReference: {fileID: 0}
    - target: {fileID: 6145119079278704836, guid: a8f0c6935534f9e4b898180e56d00961, type: 3}
      propertyPath: m_LocalEulerAnglesHint.z
      value: 0
      objectReference: {fileID: 0}
    m_RemovedComponents: []
  m_SourcePrefab: {fileID: 100100000, guid: a8f0c6935534f9e4b898180e56d00961, type: 3}
--- !u!224 &8498450955047642070 stripped
RectTransform:
  m_CorrespondingSourceObject: {fileID: 6145119079278704836, guid: a8f0c6935534f9e4b898180e56d00961, type: 3}
  m_PrefabInstance: {fileID: 2357433346273860370}
  m_PrefabAsset: {fileID: 0}
--- !u!1001 &4065611338551730762
PrefabInstance:
  m_ObjectHideFlags: 0
  serializedVersion: 2
  m_Modification:
    m_TransformParent: {fileID: 5814723823322880940}
    m_Modifications:
    - target: {fileID: 5240328975336572283, guid: a8f0c6935534f9e4b898180e56d00961, type: 3}
      propertyPath: m_text
      value: 3
      objectReference: {fileID: 0}
    - target: {fileID: 5240328975336572283, guid: a8f0c6935534f9e4b898180e56d00961, type: 3}
      propertyPath: m_fontSize
      value: 6
      objectReference: {fileID: 0}
    - target: {fileID: 5240328975336572283, guid: a8f0c6935534f9e4b898180e56d00961, type: 3}
      propertyPath: m_fontSizeBase
      value: 6
      objectReference: {fileID: 0}
    - target: {fileID: 5240328975336572283, guid: a8f0c6935534f9e4b898180e56d00961, type: 3}
      propertyPath: m_sharedMaterial
      value: 
      objectReference: {fileID: 2100000, guid: 71567a1edd8de5e43add7b5b2f6f74c2, type: 2}
    - target: {fileID: 5240328975336572283, guid: a8f0c6935534f9e4b898180e56d00961, type: 3}
      propertyPath: m_VerticalAlignment
      value: 512
      objectReference: {fileID: 0}
    - target: {fileID: 5240328975336572283, guid: a8f0c6935534f9e4b898180e56d00961, type: 3}
      propertyPath: m_HorizontalAlignment
      value: 4
      objectReference: {fileID: 0}
    - target: {fileID: 5738331261813595840, guid: a8f0c6935534f9e4b898180e56d00961, type: 3}
      propertyPath: m_Name
      value: CasualtiesValue
      objectReference: {fileID: 0}
    - target: {fileID: 6145119079278704836, guid: a8f0c6935534f9e4b898180e56d00961, type: 3}
      propertyPath: m_Pivot.x
      value: 0.5
      objectReference: {fileID: 0}
    - target: {fileID: 6145119079278704836, guid: a8f0c6935534f9e4b898180e56d00961, type: 3}
      propertyPath: m_Pivot.y
      value: 0.5
      objectReference: {fileID: 0}
    - target: {fileID: 6145119079278704836, guid: a8f0c6935534f9e4b898180e56d00961, type: 3}
      propertyPath: m_RootOrder
      value: 2
      objectReference: {fileID: 0}
    - target: {fileID: 6145119079278704836, guid: a8f0c6935534f9e4b898180e56d00961, type: 3}
      propertyPath: m_AnchorMax.x
      value: 0
      objectReference: {fileID: 0}
    - target: {fileID: 6145119079278704836, guid: a8f0c6935534f9e4b898180e56d00961, type: 3}
      propertyPath: m_AnchorMax.y
      value: 0
      objectReference: {fileID: 0}
    - target: {fileID: 6145119079278704836, guid: a8f0c6935534f9e4b898180e56d00961, type: 3}
      propertyPath: m_AnchorMin.x
      value: 0
      objectReference: {fileID: 0}
    - target: {fileID: 6145119079278704836, guid: a8f0c6935534f9e4b898180e56d00961, type: 3}
      propertyPath: m_AnchorMin.y
      value: 0
      objectReference: {fileID: 0}
    - target: {fileID: 6145119079278704836, guid: a8f0c6935534f9e4b898180e56d00961, type: 3}
      propertyPath: m_SizeDelta.x
      value: 0
      objectReference: {fileID: 0}
    - target: {fileID: 6145119079278704836, guid: a8f0c6935534f9e4b898180e56d00961, type: 3}
      propertyPath: m_SizeDelta.y
      value: 8
      objectReference: {fileID: 0}
    - target: {fileID: 6145119079278704836, guid: a8f0c6935534f9e4b898180e56d00961, type: 3}
      propertyPath: m_LocalPosition.x
      value: 0
      objectReference: {fileID: 0}
    - target: {fileID: 6145119079278704836, guid: a8f0c6935534f9e4b898180e56d00961, type: 3}
      propertyPath: m_LocalPosition.y
      value: 0
      objectReference: {fileID: 0}
    - target: {fileID: 6145119079278704836, guid: a8f0c6935534f9e4b898180e56d00961, type: 3}
      propertyPath: m_LocalPosition.z
      value: 0
      objectReference: {fileID: 0}
    - target: {fileID: 6145119079278704836, guid: a8f0c6935534f9e4b898180e56d00961, type: 3}
      propertyPath: m_LocalRotation.w
      value: 1
      objectReference: {fileID: 0}
    - target: {fileID: 6145119079278704836, guid: a8f0c6935534f9e4b898180e56d00961, type: 3}
      propertyPath: m_LocalRotation.x
      value: -0
      objectReference: {fileID: 0}
    - target: {fileID: 6145119079278704836, guid: a8f0c6935534f9e4b898180e56d00961, type: 3}
      propertyPath: m_LocalRotation.y
      value: -0
      objectReference: {fileID: 0}
    - target: {fileID: 6145119079278704836, guid: a8f0c6935534f9e4b898180e56d00961, type: 3}
      propertyPath: m_LocalRotation.z
      value: -0
      objectReference: {fileID: 0}
    - target: {fileID: 6145119079278704836, guid: a8f0c6935534f9e4b898180e56d00961, type: 3}
      propertyPath: m_AnchoredPosition.x
      value: 0
      objectReference: {fileID: 0}
    - target: {fileID: 6145119079278704836, guid: a8f0c6935534f9e4b898180e56d00961, type: 3}
      propertyPath: m_AnchoredPosition.y
      value: 0
      objectReference: {fileID: 0}
    - target: {fileID: 6145119079278704836, guid: a8f0c6935534f9e4b898180e56d00961, type: 3}
      propertyPath: m_LocalEulerAnglesHint.x
      value: 0
      objectReference: {fileID: 0}
    - target: {fileID: 6145119079278704836, guid: a8f0c6935534f9e4b898180e56d00961, type: 3}
      propertyPath: m_LocalEulerAnglesHint.y
      value: 0
      objectReference: {fileID: 0}
    - target: {fileID: 6145119079278704836, guid: a8f0c6935534f9e4b898180e56d00961, type: 3}
      propertyPath: m_LocalEulerAnglesHint.z
      value: 0
      objectReference: {fileID: 0}
    m_RemovedComponents: []
  m_SourcePrefab: {fileID: 100100000, guid: a8f0c6935534f9e4b898180e56d00961, type: 3}
--- !u!1 &8631524830011079818 stripped
GameObject:
  m_CorrespondingSourceObject: {fileID: 5738331261813595840, guid: a8f0c6935534f9e4b898180e56d00961, type: 3}
  m_PrefabInstance: {fileID: 4065611338551730762}
  m_PrefabAsset: {fileID: 0}
--- !u!224 &7866709680138803854 stripped
RectTransform:
  m_CorrespondingSourceObject: {fileID: 6145119079278704836, guid: a8f0c6935534f9e4b898180e56d00961, type: 3}
  m_PrefabInstance: {fileID: 4065611338551730762}
  m_PrefabAsset: {fileID: 0}
--- !u!114 &8129719193365030705 stripped
MonoBehaviour:
  m_CorrespondingSourceObject: {fileID: 5240328975336572283, guid: a8f0c6935534f9e4b898180e56d00961, type: 3}
  m_PrefabInstance: {fileID: 4065611338551730762}
  m_PrefabAsset: {fileID: 0}
  m_GameObject: {fileID: 8631524830011079818}
  m_Enabled: 1
  m_EditorHideFlags: 0
  m_Script: {fileID: 11500000, guid: f4688fdb7df04437aeb418b961361dc5, type: 3}
  m_Name: 
  m_EditorClassIdentifier: 
--- !u!1001 &4133206332041672623
PrefabInstance:
  m_ObjectHideFlags: 0
  serializedVersion: 2
  m_Modification:
    m_TransformParent: {fileID: 8056112842825491324}
    m_Modifications:
    - target: {fileID: 5240328975336572283, guid: a8f0c6935534f9e4b898180e56d00961, type: 3}
      propertyPath: m_text
      value: 100 / 100
      objectReference: {fileID: 0}
    - target: {fileID: 5240328975336572283, guid: a8f0c6935534f9e4b898180e56d00961, type: 3}
      propertyPath: m_fontSize
      value: 6
      objectReference: {fileID: 0}
    - target: {fileID: 5240328975336572283, guid: a8f0c6935534f9e4b898180e56d00961, type: 3}
      propertyPath: m_fontSizeBase
      value: 6
      objectReference: {fileID: 0}
    - target: {fileID: 5240328975336572283, guid: a8f0c6935534f9e4b898180e56d00961, type: 3}
      propertyPath: m_sharedMaterial
      value: 
      objectReference: {fileID: 2100000, guid: 71567a1edd8de5e43add7b5b2f6f74c2, type: 2}
    - target: {fileID: 5240328975336572283, guid: a8f0c6935534f9e4b898180e56d00961, type: 3}
      propertyPath: m_VerticalAlignment
      value: 512
      objectReference: {fileID: 0}
    - target: {fileID: 5240328975336572283, guid: a8f0c6935534f9e4b898180e56d00961, type: 3}
      propertyPath: m_HorizontalAlignment
      value: 4
      objectReference: {fileID: 0}
    - target: {fileID: 5738331261813595840, guid: a8f0c6935534f9e4b898180e56d00961, type: 3}
      propertyPath: m_Name
      value: EnergyValue
      objectReference: {fileID: 0}
    - target: {fileID: 6145119079278704836, guid: a8f0c6935534f9e4b898180e56d00961, type: 3}
      propertyPath: m_Pivot.x
      value: 0.5
      objectReference: {fileID: 0}
    - target: {fileID: 6145119079278704836, guid: a8f0c6935534f9e4b898180e56d00961, type: 3}
      propertyPath: m_Pivot.y
      value: 0.5
      objectReference: {fileID: 0}
    - target: {fileID: 6145119079278704836, guid: a8f0c6935534f9e4b898180e56d00961, type: 3}
      propertyPath: m_RootOrder
      value: 2
      objectReference: {fileID: 0}
    - target: {fileID: 6145119079278704836, guid: a8f0c6935534f9e4b898180e56d00961, type: 3}
      propertyPath: m_AnchorMax.x
      value: 0
      objectReference: {fileID: 0}
    - target: {fileID: 6145119079278704836, guid: a8f0c6935534f9e4b898180e56d00961, type: 3}
      propertyPath: m_AnchorMax.y
      value: 0
      objectReference: {fileID: 0}
    - target: {fileID: 6145119079278704836, guid: a8f0c6935534f9e4b898180e56d00961, type: 3}
      propertyPath: m_AnchorMin.x
      value: 0
      objectReference: {fileID: 0}
    - target: {fileID: 6145119079278704836, guid: a8f0c6935534f9e4b898180e56d00961, type: 3}
      propertyPath: m_AnchorMin.y
      value: 0
      objectReference: {fileID: 0}
    - target: {fileID: 6145119079278704836, guid: a8f0c6935534f9e4b898180e56d00961, type: 3}
      propertyPath: m_SizeDelta.x
      value: 0
      objectReference: {fileID: 0}
    - target: {fileID: 6145119079278704836, guid: a8f0c6935534f9e4b898180e56d00961, type: 3}
      propertyPath: m_SizeDelta.y
      value: 8
      objectReference: {fileID: 0}
    - target: {fileID: 6145119079278704836, guid: a8f0c6935534f9e4b898180e56d00961, type: 3}
      propertyPath: m_LocalPosition.x
      value: 0
      objectReference: {fileID: 0}
    - target: {fileID: 6145119079278704836, guid: a8f0c6935534f9e4b898180e56d00961, type: 3}
      propertyPath: m_LocalPosition.y
      value: 0
      objectReference: {fileID: 0}
    - target: {fileID: 6145119079278704836, guid: a8f0c6935534f9e4b898180e56d00961, type: 3}
      propertyPath: m_LocalPosition.z
      value: 0
      objectReference: {fileID: 0}
    - target: {fileID: 6145119079278704836, guid: a8f0c6935534f9e4b898180e56d00961, type: 3}
      propertyPath: m_LocalRotation.w
      value: 1
      objectReference: {fileID: 0}
    - target: {fileID: 6145119079278704836, guid: a8f0c6935534f9e4b898180e56d00961, type: 3}
      propertyPath: m_LocalRotation.x
      value: -0
      objectReference: {fileID: 0}
    - target: {fileID: 6145119079278704836, guid: a8f0c6935534f9e4b898180e56d00961, type: 3}
      propertyPath: m_LocalRotation.y
      value: -0
      objectReference: {fileID: 0}
    - target: {fileID: 6145119079278704836, guid: a8f0c6935534f9e4b898180e56d00961, type: 3}
      propertyPath: m_LocalRotation.z
      value: -0
      objectReference: {fileID: 0}
    - target: {fileID: 6145119079278704836, guid: a8f0c6935534f9e4b898180e56d00961, type: 3}
      propertyPath: m_AnchoredPosition.x
      value: 0
      objectReference: {fileID: 0}
    - target: {fileID: 6145119079278704836, guid: a8f0c6935534f9e4b898180e56d00961, type: 3}
      propertyPath: m_AnchoredPosition.y
      value: 0
      objectReference: {fileID: 0}
    - target: {fileID: 6145119079278704836, guid: a8f0c6935534f9e4b898180e56d00961, type: 3}
      propertyPath: m_LocalEulerAnglesHint.x
      value: 0
      objectReference: {fileID: 0}
    - target: {fileID: 6145119079278704836, guid: a8f0c6935534f9e4b898180e56d00961, type: 3}
      propertyPath: m_LocalEulerAnglesHint.y
      value: 0
      objectReference: {fileID: 0}
    - target: {fileID: 6145119079278704836, guid: a8f0c6935534f9e4b898180e56d00961, type: 3}
      propertyPath: m_LocalEulerAnglesHint.z
      value: 0
      objectReference: {fileID: 0}
    m_RemovedComponents: []
  m_SourcePrefab: {fileID: 100100000, guid: a8f0c6935534f9e4b898180e56d00961, type: 3}
--- !u!114 &8207100255106413268 stripped
MonoBehaviour:
  m_CorrespondingSourceObject: {fileID: 5240328975336572283, guid: a8f0c6935534f9e4b898180e56d00961, type: 3}
  m_PrefabInstance: {fileID: 4133206332041672623}
  m_PrefabAsset: {fileID: 0}
  m_GameObject: {fileID: 8574498151163373935}
  m_Enabled: 1
  m_EditorHideFlags: 0
  m_Script: {fileID: 11500000, guid: f4688fdb7df04437aeb418b961361dc5, type: 3}
  m_Name: 
  m_EditorClassIdentifier: 
--- !u!224 &7790031619986607979 stripped
RectTransform:
  m_CorrespondingSourceObject: {fileID: 6145119079278704836, guid: a8f0c6935534f9e4b898180e56d00961, type: 3}
  m_PrefabInstance: {fileID: 4133206332041672623}
  m_PrefabAsset: {fileID: 0}
--- !u!1 &8574498151163373935 stripped
GameObject:
  m_CorrespondingSourceObject: {fileID: 5738331261813595840, guid: a8f0c6935534f9e4b898180e56d00961, type: 3}
  m_PrefabInstance: {fileID: 4133206332041672623}
  m_PrefabAsset: {fileID: 0}
--- !u!1001 &4434117849489741998
PrefabInstance:
  m_ObjectHideFlags: 0
  serializedVersion: 2
  m_Modification:
    m_TransformParent: {fileID: 5444321421521762251}
    m_Modifications:
    - target: {fileID: 5240328975336572283, guid: a8f0c6935534f9e4b898180e56d00961, type: 3}
      propertyPath: m_text
      value: 3
      objectReference: {fileID: 0}
    - target: {fileID: 5240328975336572283, guid: a8f0c6935534f9e4b898180e56d00961, type: 3}
      propertyPath: m_fontSize
      value: 6
      objectReference: {fileID: 0}
    - target: {fileID: 5240328975336572283, guid: a8f0c6935534f9e4b898180e56d00961, type: 3}
      propertyPath: m_fontSizeBase
      value: 6
      objectReference: {fileID: 0}
    - target: {fileID: 5240328975336572283, guid: a8f0c6935534f9e4b898180e56d00961, type: 3}
      propertyPath: m_sharedMaterial
      value: 
      objectReference: {fileID: 2100000, guid: 71567a1edd8de5e43add7b5b2f6f74c2, type: 2}
    - target: {fileID: 5240328975336572283, guid: a8f0c6935534f9e4b898180e56d00961, type: 3}
      propertyPath: m_VerticalAlignment
      value: 512
      objectReference: {fileID: 0}
    - target: {fileID: 5240328975336572283, guid: a8f0c6935534f9e4b898180e56d00961, type: 3}
      propertyPath: m_HorizontalAlignment
      value: 4
      objectReference: {fileID: 0}
    - target: {fileID: 5738331261813595840, guid: a8f0c6935534f9e4b898180e56d00961, type: 3}
      propertyPath: m_Name
      value: MinsersValue
      objectReference: {fileID: 0}
    - target: {fileID: 6145119079278704836, guid: a8f0c6935534f9e4b898180e56d00961, type: 3}
      propertyPath: m_Pivot.x
      value: 0.5
      objectReference: {fileID: 0}
    - target: {fileID: 6145119079278704836, guid: a8f0c6935534f9e4b898180e56d00961, type: 3}
      propertyPath: m_Pivot.y
      value: 0.5
      objectReference: {fileID: 0}
    - target: {fileID: 6145119079278704836, guid: a8f0c6935534f9e4b898180e56d00961, type: 3}
      propertyPath: m_RootOrder
      value: 2
      objectReference: {fileID: 0}
    - target: {fileID: 6145119079278704836, guid: a8f0c6935534f9e4b898180e56d00961, type: 3}
      propertyPath: m_AnchorMax.x
      value: 0
      objectReference: {fileID: 0}
    - target: {fileID: 6145119079278704836, guid: a8f0c6935534f9e4b898180e56d00961, type: 3}
      propertyPath: m_AnchorMax.y
      value: 0
      objectReference: {fileID: 0}
    - target: {fileID: 6145119079278704836, guid: a8f0c6935534f9e4b898180e56d00961, type: 3}
      propertyPath: m_AnchorMin.x
      value: 0
      objectReference: {fileID: 0}
    - target: {fileID: 6145119079278704836, guid: a8f0c6935534f9e4b898180e56d00961, type: 3}
      propertyPath: m_AnchorMin.y
      value: 0
      objectReference: {fileID: 0}
    - target: {fileID: 6145119079278704836, guid: a8f0c6935534f9e4b898180e56d00961, type: 3}
      propertyPath: m_SizeDelta.x
      value: 0
      objectReference: {fileID: 0}
    - target: {fileID: 6145119079278704836, guid: a8f0c6935534f9e4b898180e56d00961, type: 3}
      propertyPath: m_SizeDelta.y
      value: 8
      objectReference: {fileID: 0}
    - target: {fileID: 6145119079278704836, guid: a8f0c6935534f9e4b898180e56d00961, type: 3}
      propertyPath: m_LocalPosition.x
      value: 0
      objectReference: {fileID: 0}
    - target: {fileID: 6145119079278704836, guid: a8f0c6935534f9e4b898180e56d00961, type: 3}
      propertyPath: m_LocalPosition.y
      value: 0
      objectReference: {fileID: 0}
    - target: {fileID: 6145119079278704836, guid: a8f0c6935534f9e4b898180e56d00961, type: 3}
      propertyPath: m_LocalPosition.z
      value: 0
      objectReference: {fileID: 0}
    - target: {fileID: 6145119079278704836, guid: a8f0c6935534f9e4b898180e56d00961, type: 3}
      propertyPath: m_LocalRotation.w
      value: 1
      objectReference: {fileID: 0}
    - target: {fileID: 6145119079278704836, guid: a8f0c6935534f9e4b898180e56d00961, type: 3}
      propertyPath: m_LocalRotation.x
      value: -0
      objectReference: {fileID: 0}
    - target: {fileID: 6145119079278704836, guid: a8f0c6935534f9e4b898180e56d00961, type: 3}
      propertyPath: m_LocalRotation.y
      value: -0
      objectReference: {fileID: 0}
    - target: {fileID: 6145119079278704836, guid: a8f0c6935534f9e4b898180e56d00961, type: 3}
      propertyPath: m_LocalRotation.z
      value: -0
      objectReference: {fileID: 0}
    - target: {fileID: 6145119079278704836, guid: a8f0c6935534f9e4b898180e56d00961, type: 3}
      propertyPath: m_AnchoredPosition.x
      value: 0
      objectReference: {fileID: 0}
    - target: {fileID: 6145119079278704836, guid: a8f0c6935534f9e4b898180e56d00961, type: 3}
      propertyPath: m_AnchoredPosition.y
      value: 0
      objectReference: {fileID: 0}
    - target: {fileID: 6145119079278704836, guid: a8f0c6935534f9e4b898180e56d00961, type: 3}
      propertyPath: m_LocalEulerAnglesHint.x
      value: 0
      objectReference: {fileID: 0}
    - target: {fileID: 6145119079278704836, guid: a8f0c6935534f9e4b898180e56d00961, type: 3}
      propertyPath: m_LocalEulerAnglesHint.y
      value: 0
      objectReference: {fileID: 0}
    - target: {fileID: 6145119079278704836, guid: a8f0c6935534f9e4b898180e56d00961, type: 3}
      propertyPath: m_LocalEulerAnglesHint.z
      value: 0
      objectReference: {fileID: 0}
    m_RemovedComponents: []
  m_SourcePrefab: {fileID: 100100000, guid: a8f0c6935534f9e4b898180e56d00961, type: 3}
--- !u!1 &8226813531474167406 stripped
GameObject:
  m_CorrespondingSourceObject: {fileID: 5738331261813595840, guid: a8f0c6935534f9e4b898180e56d00961, type: 3}
  m_PrefabInstance: {fileID: 4434117849489741998}
  m_PrefabAsset: {fileID: 0}
--- !u!224 &7552254612140449898 stripped
RectTransform:
  m_CorrespondingSourceObject: {fileID: 6145119079278704836, guid: a8f0c6935534f9e4b898180e56d00961, type: 3}
  m_PrefabInstance: {fileID: 4434117849489741998}
  m_PrefabAsset: {fileID: 0}
--- !u!114 &8444325995041889749 stripped
MonoBehaviour:
  m_CorrespondingSourceObject: {fileID: 5240328975336572283, guid: a8f0c6935534f9e4b898180e56d00961, type: 3}
  m_PrefabInstance: {fileID: 4434117849489741998}
  m_PrefabAsset: {fileID: 0}
  m_GameObject: {fileID: 8226813531474167406}
  m_Enabled: 1
  m_EditorHideFlags: 0
  m_Script: {fileID: 11500000, guid: f4688fdb7df04437aeb418b961361dc5, type: 3}
  m_Name: 
  m_EditorClassIdentifier: 
--- !u!1001 &5492227751713376625
PrefabInstance:
  m_ObjectHideFlags: 0
  serializedVersion: 2
  m_Modification:
    m_TransformParent: {fileID: 5444321421521762251}
    m_Modifications:
    - target: {fileID: 5240328975336572283, guid: a8f0c6935534f9e4b898180e56d00961, type: 3}
      propertyPath: m_text
      value: Miners
      objectReference: {fileID: 0}
    - target: {fileID: 5240328975336572283, guid: a8f0c6935534f9e4b898180e56d00961, type: 3}
      propertyPath: m_fontSize
      value: 6
      objectReference: {fileID: 0}
    - target: {fileID: 5240328975336572283, guid: a8f0c6935534f9e4b898180e56d00961, type: 3}
      propertyPath: m_fontSizeBase
      value: 6
      objectReference: {fileID: 0}
    - target: {fileID: 5240328975336572283, guid: a8f0c6935534f9e4b898180e56d00961, type: 3}
      propertyPath: m_sharedMaterial
      value: 
      objectReference: {fileID: 2100000, guid: 71567a1edd8de5e43add7b5b2f6f74c2, type: 2}
    - target: {fileID: 5240328975336572283, guid: a8f0c6935534f9e4b898180e56d00961, type: 3}
      propertyPath: m_VerticalAlignment
      value: 512
      objectReference: {fileID: 0}
    - target: {fileID: 5738331261813595840, guid: a8f0c6935534f9e4b898180e56d00961, type: 3}
      propertyPath: m_Name
      value: MinsersText
      objectReference: {fileID: 0}
    - target: {fileID: 6145119079278704836, guid: a8f0c6935534f9e4b898180e56d00961, type: 3}
      propertyPath: m_Pivot.x
      value: 0.5
      objectReference: {fileID: 0}
    - target: {fileID: 6145119079278704836, guid: a8f0c6935534f9e4b898180e56d00961, type: 3}
      propertyPath: m_Pivot.y
      value: 0.5
      objectReference: {fileID: 0}
    - target: {fileID: 6145119079278704836, guid: a8f0c6935534f9e4b898180e56d00961, type: 3}
      propertyPath: m_RootOrder
      value: 1
      objectReference: {fileID: 0}
    - target: {fileID: 6145119079278704836, guid: a8f0c6935534f9e4b898180e56d00961, type: 3}
      propertyPath: m_AnchorMax.x
      value: 0
      objectReference: {fileID: 0}
    - target: {fileID: 6145119079278704836, guid: a8f0c6935534f9e4b898180e56d00961, type: 3}
      propertyPath: m_AnchorMax.y
      value: 0
      objectReference: {fileID: 0}
    - target: {fileID: 6145119079278704836, guid: a8f0c6935534f9e4b898180e56d00961, type: 3}
      propertyPath: m_AnchorMin.x
      value: 0
      objectReference: {fileID: 0}
    - target: {fileID: 6145119079278704836, guid: a8f0c6935534f9e4b898180e56d00961, type: 3}
      propertyPath: m_AnchorMin.y
      value: 0
      objectReference: {fileID: 0}
    - target: {fileID: 6145119079278704836, guid: a8f0c6935534f9e4b898180e56d00961, type: 3}
      propertyPath: m_SizeDelta.x
      value: 0
      objectReference: {fileID: 0}
    - target: {fileID: 6145119079278704836, guid: a8f0c6935534f9e4b898180e56d00961, type: 3}
      propertyPath: m_SizeDelta.y
      value: 8
      objectReference: {fileID: 0}
    - target: {fileID: 6145119079278704836, guid: a8f0c6935534f9e4b898180e56d00961, type: 3}
      propertyPath: m_LocalPosition.x
      value: 0
      objectReference: {fileID: 0}
    - target: {fileID: 6145119079278704836, guid: a8f0c6935534f9e4b898180e56d00961, type: 3}
      propertyPath: m_LocalPosition.y
      value: 0
      objectReference: {fileID: 0}
    - target: {fileID: 6145119079278704836, guid: a8f0c6935534f9e4b898180e56d00961, type: 3}
      propertyPath: m_LocalPosition.z
      value: 0
      objectReference: {fileID: 0}
    - target: {fileID: 6145119079278704836, guid: a8f0c6935534f9e4b898180e56d00961, type: 3}
      propertyPath: m_LocalRotation.w
      value: 1
      objectReference: {fileID: 0}
    - target: {fileID: 6145119079278704836, guid: a8f0c6935534f9e4b898180e56d00961, type: 3}
      propertyPath: m_LocalRotation.x
      value: -0
      objectReference: {fileID: 0}
    - target: {fileID: 6145119079278704836, guid: a8f0c6935534f9e4b898180e56d00961, type: 3}
      propertyPath: m_LocalRotation.y
      value: -0
      objectReference: {fileID: 0}
    - target: {fileID: 6145119079278704836, guid: a8f0c6935534f9e4b898180e56d00961, type: 3}
      propertyPath: m_LocalRotation.z
      value: -0
      objectReference: {fileID: 0}
    - target: {fileID: 6145119079278704836, guid: a8f0c6935534f9e4b898180e56d00961, type: 3}
      propertyPath: m_AnchoredPosition.x
      value: 0
      objectReference: {fileID: 0}
    - target: {fileID: 6145119079278704836, guid: a8f0c6935534f9e4b898180e56d00961, type: 3}
      propertyPath: m_AnchoredPosition.y
      value: 0
      objectReference: {fileID: 0}
    - target: {fileID: 6145119079278704836, guid: a8f0c6935534f9e4b898180e56d00961, type: 3}
      propertyPath: m_LocalEulerAnglesHint.x
      value: 0
      objectReference: {fileID: 0}
    - target: {fileID: 6145119079278704836, guid: a8f0c6935534f9e4b898180e56d00961, type: 3}
      propertyPath: m_LocalEulerAnglesHint.y
      value: 0
      objectReference: {fileID: 0}
    - target: {fileID: 6145119079278704836, guid: a8f0c6935534f9e4b898180e56d00961, type: 3}
      propertyPath: m_LocalEulerAnglesHint.z
      value: 0
      objectReference: {fileID: 0}
    m_RemovedComponents: []
  m_SourcePrefab: {fileID: 100100000, guid: a8f0c6935534f9e4b898180e56d00961, type: 3}
--- !u!224 &1837338029565079989 stripped
RectTransform:
  m_CorrespondingSourceObject: {fileID: 6145119079278704836, guid: a8f0c6935534f9e4b898180e56d00961, type: 3}
  m_PrefabInstance: {fileID: 5492227751713376625}
  m_PrefabAsset: {fileID: 0}
