%YAML 1.1
%TAG !u! tag:unity3d.com,2011:
--- !u!1 &146746831434579065
GameObject:
  m_ObjectHideFlags: 0
  m_CorrespondingSourceObject: {fileID: 0}
  m_PrefabInstance: {fileID: 0}
  m_PrefabAsset: {fileID: 0}
  serializedVersion: 6
  m_Component:
  - component: {fileID: 4727783839597405060}
  - component: {fileID: 454913320180207843}
  - component: {fileID: 8356285272576165096}
  m_Layer: 0
  m_Name: View
  m_TagString: Untagged
  m_Icon: {fileID: 0}
  m_NavMeshLayer: 0
  m_StaticEditorFlags: 0
  m_IsActive: 1
--- !u!4 &4727783839597405060
Transform:
  m_ObjectHideFlags: 0
  m_CorrespondingSourceObject: {fileID: 0}
  m_PrefabInstance: {fileID: 0}
  m_PrefabAsset: {fileID: 0}
  m_GameObject: {fileID: 146746831434579065}
  m_LocalRotation: {x: 0, y: 0, z: 0, w: 1}
  m_LocalPosition: {x: -0.125, y: -0.5, z: 0}
  m_LocalScale: {x: 1, y: 1, z: 1}
  m_Children:
  - {fileID: 6099040876668029835}
  - {fileID: 8399095971726706433}
  - {fileID: 5752035263576608860}
  m_Father: {fileID: 4594890985559485345}
  m_RootOrder: 0
  m_LocalEulerAnglesHint: {x: 0, y: 0, z: 0}
--- !u!212 &454913320180207843
SpriteRenderer:
  m_ObjectHideFlags: 0
  m_CorrespondingSourceObject: {fileID: 0}
  m_PrefabInstance: {fileID: 0}
  m_PrefabAsset: {fileID: 0}
  m_GameObject: {fileID: 146746831434579065}
  m_Enabled: 1
  m_CastShadows: 0
  m_ReceiveShadows: 0
  m_DynamicOccludee: 1
  m_StaticShadowCaster: 0
  m_MotionVectors: 1
  m_LightProbeUsage: 1
  m_ReflectionProbeUsage: 1
  m_RayTracingMode: 0
  m_RayTraceProcedural: 0
  m_RenderingLayerMask: 1
  m_RendererPriority: 0
  m_Materials:
  - {fileID: 2100000, guid: 3a871ef633c43b945860668a431a6740, type: 2}
  m_StaticBatchInfo:
    firstSubMesh: 0
    subMeshCount: 0
  m_StaticBatchRoot: {fileID: 0}
  m_ProbeAnchor: {fileID: 0}
  m_LightProbeVolumeOverride: {fileID: 0}
  m_ScaleInLightmap: 1
  m_ReceiveGI: 1
  m_PreserveUVs: 0
  m_IgnoreNormalsForChartDetection: 0
  m_ImportantGI: 0
  m_StitchLightmapSeams: 1
  m_SelectedEditorRenderState: 0
  m_MinimumChartSize: 4
  m_AutoUVMaxDistance: 0.5
  m_AutoUVMaxAngle: 89
  m_LightmapParameters: {fileID: 0}
  m_SortingLayerID: 0
  m_SortingLayer: 0
  m_SortingOrder: 2000
  m_Sprite: {fileID: 21300000, guid: b780533ccdb15fe4bad40fcc9407fdb8, type: 3}
  m_Color: {r: 1, g: 1, b: 1, a: 1}
  m_FlipX: 0
  m_FlipY: 0
  m_DrawMode: 0
  m_Size: {x: 1, y: 1}
  m_AdaptiveModeThreshold: 0.5
  m_SpriteTileMode: 0
  m_WasSpriteAssigned: 1
  m_MaskInteraction: 0
  m_SpriteSortPoint: 0
--- !u!114 &8356285272576165096
MonoBehaviour:
  m_ObjectHideFlags: 0
  m_CorrespondingSourceObject: {fileID: 0}
  m_PrefabInstance: {fileID: 0}
  m_PrefabAsset: {fileID: 0}
  m_GameObject: {fileID: 146746831434579065}
  m_Enabled: 1
  m_EditorHideFlags: 0
  m_Script: {fileID: 11500000, guid: bd7793b2d3e108741a84a3ebc4fc453d, type: 3}
  m_Name: 
  m_EditorClassIdentifier: 
  _spriteRenderer: {fileID: 454913320180207843}
  _carriedCrystalPrefab: {fileID: 76642871617652035, guid: 8ea224642024bdb4ab5cf32d27771ad5, type: 3}
  _highlight: {fileID: 1895030057219422577}
  _carriedCrystalsAnchor: {fileID: 5752035263576608860}
  _carriedCrystalRadius: 0.75
  _carriedCrystalRoundsPerSecond: -1
  _idleSprite: {fileID: 21300000, guid: b780533ccdb15fe4bad40fcc9407fdb8, type: 3}
  _runSprites:
  - {fileID: 21300000, guid: 8b598ea54481c2249b1ca36e3ea6b208, type: 3}
  - {fileID: 21300000, guid: a794077893bff8648a44cbd80d50794e, type: 3}
  - {fileID: 21300000, guid: 79653ff690289d849b916f69a73c9c69, type: 3}
  - {fileID: 21300000, guid: 9ab79ca85b3acd741a4498d85892a90b, type: 3}
  - {fileID: 21300000, guid: 6a3a71df2b4905b4abe6020bff843a0f, type: 3}
  - {fileID: 21300000, guid: 2b3d93b650eebec4ba727ffd11c32cec, type: 3}
  - {fileID: 21300000, guid: 5e6ca845e67b736498bc149b36bb1658, type: 3}
  - {fileID: 21300000, guid: 0b4f595093449ca4b948d84bdf3b74b7, type: 3}
  - {fileID: 21300000, guid: 334d7efc5ebefb8438dd81aca5fd4f1d, type: 3}
  _runningAnimationSpeed: 4
--- !u!1 &906419130609161937
GameObject:
  m_ObjectHideFlags: 0
  m_CorrespondingSourceObject: {fileID: 0}
  m_PrefabInstance: {fileID: 0}
  m_PrefabAsset: {fileID: 0}
  serializedVersion: 6
  m_Component:
  - component: {fileID: 5752035263576608860}
  m_Layer: 0
  m_Name: CarriedCrystals
  m_TagString: Untagged
  m_Icon: {fileID: 0}
  m_NavMeshLayer: 0
  m_StaticEditorFlags: 0
  m_IsActive: 1
--- !u!4 &5752035263576608860
Transform:
  m_ObjectHideFlags: 0
  m_CorrespondingSourceObject: {fileID: 0}
  m_PrefabInstance: {fileID: 0}
  m_PrefabAsset: {fileID: 0}
  m_GameObject: {fileID: 906419130609161937}
  m_LocalRotation: {x: 0, y: 0, z: 0, w: 1}
  m_LocalPosition: {x: 0.125, y: 0.5, z: 0}
  m_LocalScale: {x: 1, y: 1, z: 1}
  m_Children: []
  m_Father: {fileID: 4727783839597405060}
  m_RootOrder: 2
  m_LocalEulerAnglesHint: {x: 0, y: 0, z: 0}
--- !u!1 &995273855792236331
GameObject:
  m_ObjectHideFlags: 0
  m_CorrespondingSourceObject: {fileID: 0}
  m_PrefabInstance: {fileID: 0}
  m_PrefabAsset: {fileID: 0}
  serializedVersion: 6
  m_Component:
  - component: {fileID: 8941669636044191460}
  - component: {fileID: 4724347809752499659}
  m_Layer: 0
  m_Name: Light 2D
  m_TagString: Untagged
  m_Icon: {fileID: 0}
  m_NavMeshLayer: 0
  m_StaticEditorFlags: 0
  m_IsActive: 1
--- !u!4 &8941669636044191460
Transform:
  m_ObjectHideFlags: 0
  m_CorrespondingSourceObject: {fileID: 0}
  m_PrefabInstance: {fileID: 0}
  m_PrefabAsset: {fileID: 0}
  m_GameObject: {fileID: 995273855792236331}
  m_LocalRotation: {x: 0, y: 0, z: -0.7071068, w: 0.7071068}
  m_LocalPosition: {x: 0.25, y: 0.75, z: 0}
  m_LocalScale: {x: 1, y: 1, z: 1}
  m_Children: []
  m_Father: {fileID: 8399095971726706433}
  m_RootOrder: 0
  m_LocalEulerAnglesHint: {x: 0, y: 0, z: -90}
--- !u!114 &4724347809752499659
MonoBehaviour:
  m_ObjectHideFlags: 0
  m_CorrespondingSourceObject: {fileID: 0}
  m_PrefabInstance: {fileID: 0}
  m_PrefabAsset: {fileID: 0}
  m_GameObject: {fileID: 995273855792236331}
  m_Enabled: 1
  m_EditorHideFlags: 0
  m_Script: {fileID: 11500000, guid: 073797afb82c5a1438f328866b10b3f0, type: 3}
  m_Name: 
  m_EditorClassIdentifier: 
  m_ComponentVersion: 1
  m_LightType: 3
  m_BlendStyleIndex: 0
  m_FalloffIntensity: 1
  m_Color: {r: 1, g: 0.95560724, b: 0.7490566, a: 1}
  m_Intensity: 1.5
  m_LightVolumeIntensity: 1
  m_LightVolumeIntensityEnabled: 0
  m_ApplyToSortingLayers: 00000000
  m_LightCookieSprite: {fileID: 0}
  m_DeprecatedPointLightCookieSprite: {fileID: 0}
  m_LightOrder: 5
  m_OverlapOperation: 1
  m_NormalMapDistance: 3
  m_NormalMapQuality: 2
  m_UseNormalMap: 0
  m_ShadowIntensityEnabled: 0
  m_ShadowIntensity: 0.75
  m_ShadowVolumeIntensityEnabled: 0
  m_ShadowVolumeIntensity: 0.75
  m_Vertices:
  - position: {x: 0.9985302, y: 0.9985302, z: 0}
    color: {r: 0.70710677, g: 0.70710677, b: 0, a: 0}
    uv: {x: 0, y: 0}
  - position: {x: 0.9985302, y: 0.9985302, z: 0}
    color: {r: 0, g: 0, b: 0, a: 1}
    uv: {x: 0, y: 0}
  - position: {x: -0.9985302, y: 0.9985302, z: 0}
    color: {r: -0.70710677, g: 0.70710677, b: 0, a: 0}
    uv: {x: 0, y: 0}
  - position: {x: -0.9985302, y: 0.9985302, z: 0}
    color: {r: 0, g: 0, b: 0, a: 1}
    uv: {x: 0, y: 0}
  - position: {x: -0.99853003, y: -0.9985304, z: 0}
    color: {r: -0.70710665, g: -0.7071069, b: 0, a: 0}
    uv: {x: 0, y: 0}
  - position: {x: -0.99853003, y: -0.9985304, z: 0}
    color: {r: 0, g: 0, b: 0, a: 1}
    uv: {x: 0, y: 0}
  - position: {x: 0.99853003, y: -0.9985304, z: 0}
    color: {r: 0.70710665, g: -0.7071069, b: 0, a: 0}
    uv: {x: 0, y: 0}
  - position: {x: 0.99853003, y: -0.9985304, z: 0}
    color: {r: 0, g: 0, b: 0, a: 1}
    uv: {x: 0, y: 0}
  - position: {x: 0, y: 0, z: 0}
    color: {r: 0, g: 0, b: 0, a: 1}
    uv: {x: 0, y: 0}
  m_Triangles: 030001000800020000000100030002000100050003000800040002000300050004000300070005000800060004000500070006000500010007000800000006000700010000000700
  m_LocalBounds:
    m_Center: {x: 0, y: -0.00000011920929, z: 0}
    m_Extent: {x: 0.9985302, y: 0.99853027, z: 0}
  m_PointLightInnerAngle: 360
  m_PointLightOuterAngle: 360
  m_PointLightInnerRadius: 1
  m_PointLightOuterRadius: 8
  m_ShapeLightParametricSides: 5
  m_ShapeLightParametricAngleOffset: 0
  m_ShapeLightParametricRadius: 1
  m_ShapeLightFalloffSize: 0.5
  m_ShapeLightFalloffOffset: {x: 0, y: 0}
  m_ShapePath:
  - {x: -0.5, y: -0.5, z: 0}
  - {x: 0.5, y: -0.5, z: 0}
  - {x: 0.5, y: 0.5, z: 0}
  - {x: -0.5, y: 0.5, z: 0}
--- !u!1 &2032422632275306232
GameObject:
  m_ObjectHideFlags: 0
  m_CorrespondingSourceObject: {fileID: 0}
  m_PrefabInstance: {fileID: 0}
  m_PrefabAsset: {fileID: 0}
  serializedVersion: 6
  m_Component:
  - component: {fileID: 8399095971726706433}
  m_Layer: 0
  m_Name: FX
  m_TagString: Untagged
  m_Icon: {fileID: 0}
  m_NavMeshLayer: 0
  m_StaticEditorFlags: 0
  m_IsActive: 1
--- !u!4 &8399095971726706433
Transform:
  m_ObjectHideFlags: 0
  m_CorrespondingSourceObject: {fileID: 0}
  m_PrefabInstance: {fileID: 0}
  m_PrefabAsset: {fileID: 0}
  m_GameObject: {fileID: 2032422632275306232}
  m_LocalRotation: {x: 0, y: 0, z: 0, w: 1}
  m_LocalPosition: {x: 0, y: 0, z: 0}
  m_LocalScale: {x: 1, y: 1, z: 1}
  m_Children:
  - {fileID: 8941669636044191460}
  m_Father: {fileID: 4727783839597405060}
  m_RootOrder: 1
  m_LocalEulerAnglesHint: {x: 0, y: 0, z: 0}
--- !u!1 &6218308415486405889
GameObject:
  m_ObjectHideFlags: 0
  m_CorrespondingSourceObject: {fileID: 0}
  m_PrefabInstance: {fileID: 0}
  m_PrefabAsset: {fileID: 0}
  serializedVersion: 6
  m_Component:
  - component: {fileID: 4594890985559485345}
  - component: {fileID: 2276232671434020281}
  - component: {fileID: -6625263203402378082}
  m_Layer: 0
  m_Name: Miner
  m_TagString: Untagged
  m_Icon: {fileID: 0}
  m_NavMeshLayer: 0
  m_StaticEditorFlags: 0
  m_IsActive: 1
--- !u!4 &4594890985559485345
Transform:
  m_ObjectHideFlags: 0
  m_CorrespondingSourceObject: {fileID: 0}
  m_PrefabInstance: {fileID: 0}
  m_PrefabAsset: {fileID: 0}
  m_GameObject: {fileID: 6218308415486405889}
  m_LocalRotation: {x: 0, y: 0, z: 0, w: 1}
  m_LocalPosition: {x: 0, y: 0, z: 0}
  m_LocalScale: {x: 1, y: 1, z: 1}
  m_Children:
  - {fileID: 4727783839597405060}
  m_Father: {fileID: 0}
  m_RootOrder: 0
  m_LocalEulerAnglesHint: {x: 0, y: 0, z: 0}
--- !u!114 &2276232671434020281
MonoBehaviour:
  m_ObjectHideFlags: 0
  m_CorrespondingSourceObject: {fileID: 0}
  m_PrefabInstance: {fileID: 0}
  m_PrefabAsset: {fileID: 0}
  m_GameObject: {fileID: 6218308415486405889}
  m_Enabled: 1
  m_EditorHideFlags: 0
  m_Script: {fileID: 11500000, guid: d04f0ed31e1e50a458ca8ccf8aebd75c, type: 3}
  m_Name: 
  m_EditorClassIdentifier: 
--- !u!114 &-6625263203402378082
MonoBehaviour:
  m_ObjectHideFlags: 0
  m_CorrespondingSourceObject: {fileID: 0}
  m_PrefabInstance: {fileID: 0}
  m_PrefabAsset: {fileID: 0}
  m_GameObject: {fileID: 6218308415486405889}
  m_Enabled: 1
  m_EditorHideFlags: 0
  m_Script: {fileID: 11500000, guid: 7b17c2643d24e24459f35eb93bffda5e, type: 3}
  m_Name: 
  m_EditorClassIdentifier: 
  _view: {fileID: 8356285272576165096}
--- !u!1 &8688529377107201159
GameObject:
  m_ObjectHideFlags: 0
  m_CorrespondingSourceObject: {fileID: 0}
  m_PrefabInstance: {fileID: 0}
  m_PrefabAsset: {fileID: 0}
  serializedVersion: 6
  m_Component:
  - component: {fileID: 6099040876668029835}
  - component: {fileID: 1895030057219422577}
  m_Layer: 0
  m_Name: Highlight
  m_TagString: Untagged
  m_Icon: {fileID: 0}
  m_NavMeshLayer: 0
  m_StaticEditorFlags: 0
  m_IsActive: 1
--- !u!4 &6099040876668029835
Transform:
  m_ObjectHideFlags: 0
  m_CorrespondingSourceObject: {fileID: 0}
  m_PrefabInstance: {fileID: 0}
  m_PrefabAsset: {fileID: 0}
  m_GameObject: {fileID: 8688529377107201159}
  m_LocalRotation: {x: -0, y: -0, z: -0, w: 1}
  m_LocalPosition: {x: 0, y: 1.75, z: 0}
  m_LocalScale: {x: 1, y: 1, z: 1}
  m_Children: []
  m_Father: {fileID: 4727783839597405060}
  m_RootOrder: 0
  m_LocalEulerAnglesHint: {x: 0, y: 0, z: 0}
--- !u!212 &1895030057219422577
SpriteRenderer:
  m_ObjectHideFlags: 0
  m_CorrespondingSourceObject: {fileID: 0}
  m_PrefabInstance: {fileID: 0}
  m_PrefabAsset: {fileID: 0}
  m_GameObject: {fileID: 8688529377107201159}
  m_Enabled: 1
  m_CastShadows: 0
  m_ReceiveShadows: 0
  m_DynamicOccludee: 1
  m_StaticShadowCaster: 0
  m_MotionVectors: 1
  m_LightProbeUsage: 1
  m_ReflectionProbeUsage: 1
  m_RayTracingMode: 0
  m_RayTraceProcedural: 0
  m_RenderingLayerMask: 1
  m_RendererPriority: 0
  m_Materials:
  - {fileID: 10754, guid: 0000000000000000f000000000000000, type: 0}
  m_StaticBatchInfo:
    firstSubMesh: 0
    subMeshCount: 0
  m_StaticBatchRoot: {fileID: 0}
  m_ProbeAnchor: {fileID: 0}
  m_LightProbeVolumeOverride: {fileID: 0}
  m_ScaleInLightmap: 1
  m_ReceiveGI: 1
  m_PreserveUVs: 0
  m_IgnoreNormalsForChartDetection: 0
  m_ImportantGI: 0
  m_StitchLightmapSeams: 1
  m_SelectedEditorRenderState: 0
  m_MinimumChartSize: 4
  m_AutoUVMaxDistance: 0.5
  m_AutoUVMaxAngle: 89
  m_LightmapParameters: {fileID: 0}
  m_SortingLayerID: 0
  m_SortingLayer: 0
  m_SortingOrder: 2000
  m_Sprite: {fileID: 21300000, guid: bff99e61012eebb449db5c93b99964f6, type: 3}
  m_Color: {r: 1, g: 1, b: 1, a: 1}
  m_FlipX: 0
  m_FlipY: 0
  m_DrawMode: 0
  m_Size: {x: 1, y: 1}
  m_AdaptiveModeThreshold: 0.5
  m_SpriteTileMode: 0
  m_WasSpriteAssigned: 1
  m_MaskInteraction: 0
  m_SpriteSortPoint: 0
